%YAML 1.1
%TAG !u! tag:unity3d.com,2011:
--- !u!1 &7428788036249611836
GameObject:
  m_ObjectHideFlags: 0
  m_CorrespondingSourceObject: {fileID: 0}
  m_PrefabInstance: {fileID: 0}
  m_PrefabAsset: {fileID: 0}
  serializedVersion: 6
  m_Component:
  - component: {fileID: 7428788036249611837}
  - component: {fileID: 7428788036249611832}
  - component: {fileID: 7428788036249611835}
  - component: {fileID: 7428788036249611834}
  m_Layer: 5
  m_Name: Button
  m_TagString: Untagged
  m_Icon: {fileID: 0}
  m_NavMeshLayer: 0
  m_StaticEditorFlags: 0
  m_IsActive: 0
--- !u!224 &7428788036249611837
RectTransform:
  m_ObjectHideFlags: 0
  m_CorrespondingSourceObject: {fileID: 0}
  m_PrefabInstance: {fileID: 0}
  m_PrefabAsset: {fileID: 0}
  m_GameObject: {fileID: 7428788036249611836}
  m_LocalRotation: {x: 0, y: 0, z: 0, w: 1}
  m_LocalPosition: {x: 0, y: 0, z: 0}
  m_LocalScale: {x: 1.5, y: 1.5, z: 1}
  m_ConstrainProportionsScale: 0
  m_Children:
  - {fileID: 7428788037019910766}
  m_Father: {fileID: 7428788036328152656}
  m_LocalEulerAnglesHint: {x: 0, y: 0, z: 0}
  m_AnchorMin: {x: 1, y: 1}
  m_AnchorMax: {x: 1, y: 1}
  m_AnchoredPosition: {x: -95, y: -62}
  m_SizeDelta: {x: 113.400024, y: 70}
  m_Pivot: {x: 0.5, y: 0.5}
--- !u!222 &7428788036249611832
CanvasRenderer:
  m_ObjectHideFlags: 0
  m_CorrespondingSourceObject: {fileID: 0}
  m_PrefabInstance: {fileID: 0}
  m_PrefabAsset: {fileID: 0}
  m_GameObject: {fileID: 7428788036249611836}
  m_CullTransparentMesh: 1
--- !u!114 &7428788036249611835
MonoBehaviour:
  m_ObjectHideFlags: 0
  m_CorrespondingSourceObject: {fileID: 0}
  m_PrefabInstance: {fileID: 0}
  m_PrefabAsset: {fileID: 0}
  m_GameObject: {fileID: 7428788036249611836}
  m_Enabled: 1
  m_EditorHideFlags: 0
  m_Script: {fileID: 11500000, guid: fe87c0e1cc204ed48ad3b37840f39efc, type: 3}
  m_Name: 
  m_EditorClassIdentifier: 
  m_Material: {fileID: 0}
  m_Color: {r: 1, g: 1, b: 1, a: 1}
  m_RaycastTarget: 1
  m_RaycastPadding: {x: 0, y: 0, z: 0, w: 0}
  m_Maskable: 1
  m_OnCullStateChanged:
    m_PersistentCalls:
      m_Calls: []
  m_Sprite: {fileID: 21300000, guid: 9427951c92109824f9bf647127632345, type: 3}
  m_Type: 0
  m_PreserveAspect: 1
  m_FillCenter: 1
  m_FillMethod: 4
  m_FillAmount: 1
  m_FillClockwise: 1
  m_FillOrigin: 0
  m_UseSpriteMesh: 0
  m_PixelsPerUnitMultiplier: 1
--- !u!114 &7428788036249611834
MonoBehaviour:
  m_ObjectHideFlags: 0
  m_CorrespondingSourceObject: {fileID: 0}
  m_PrefabInstance: {fileID: 0}
  m_PrefabAsset: {fileID: 0}
  m_GameObject: {fileID: 7428788036249611836}
  m_Enabled: 1
  m_EditorHideFlags: 0
  m_Script: {fileID: 11500000, guid: 4e29b1a8efbd4b44bb3f3716e73f07ff, type: 3}
  m_Name: 
  m_EditorClassIdentifier: 
  m_Navigation:
    m_Mode: 3
    m_WrapAround: 0
    m_SelectOnUp: {fileID: 0}
    m_SelectOnDown: {fileID: 0}
    m_SelectOnLeft: {fileID: 0}
    m_SelectOnRight: {fileID: 0}
  m_Transition: 2
  m_Colors:
    m_NormalColor: {r: 1, g: 1, b: 1, a: 1}
    m_HighlightedColor: {r: 0.9607843, g: 0.9607843, b: 0.9607843, a: 1}
    m_PressedColor: {r: 0.78431374, g: 0.78431374, b: 0.78431374, a: 1}
    m_SelectedColor: {r: 0.9607843, g: 0.9607843, b: 0.9607843, a: 1}
    m_DisabledColor: {r: 0.78431374, g: 0.78431374, b: 0.78431374, a: 0.5019608}
    m_ColorMultiplier: 1
    m_FadeDuration: 0.1
  m_SpriteState:
    m_HighlightedSprite: {fileID: 21300000, guid: de4fa43d1c04dbf488afe8ef8c9391b3,
      type: 3}
    m_PressedSprite: {fileID: 21300000, guid: 305a36b6ef8efce4e8b687c571cad946, type: 3}
    m_SelectedSprite: {fileID: 0}
    m_DisabledSprite: {fileID: 0}
  m_AnimationTriggers:
    m_NormalTrigger: Normal
    m_HighlightedTrigger: Highlighted
    m_PressedTrigger: Pressed
    m_SelectedTrigger: Selected
    m_DisabledTrigger: Disabled
  m_Interactable: 1
  m_TargetGraphic: {fileID: 7428788036249611835}
  m_OnClick:
    m_PersistentCalls:
      m_Calls:
      - m_Target: {fileID: 7428788036536782841}
        m_TargetAssemblyTypeName: IntroductionManager, Assembly-CSharp
        m_MethodName: StartMinigame
        m_Mode: 1
        m_Arguments:
          m_ObjectArgument: {fileID: 0}
          m_ObjectArgumentAssemblyTypeName: UnityEngine.Object, UnityEngine
          m_IntArgument: 0
          m_FloatArgument: 0
          m_StringArgument: 
          m_BoolArgument: 0
        m_CallState: 2
--- !u!1 &7428788036328152660
GameObject:
  m_ObjectHideFlags: 0
  m_CorrespondingSourceObject: {fileID: 0}
  m_PrefabInstance: {fileID: 0}
  m_PrefabAsset: {fileID: 0}
  serializedVersion: 6
  m_Component:
  - component: {fileID: 7428788036328152656}
  - component: {fileID: 7428788036328152659}
  - component: {fileID: 7428788036328152658}
  - component: {fileID: 7428788036328152661}
  m_Layer: 5
  m_Name: Canvas
  m_TagString: Untagged
  m_Icon: {fileID: 0}
  m_NavMeshLayer: 0
  m_StaticEditorFlags: 0
  m_IsActive: 1
--- !u!224 &7428788036328152656
RectTransform:
  m_ObjectHideFlags: 0
  m_CorrespondingSourceObject: {fileID: 0}
  m_PrefabInstance: {fileID: 0}
  m_PrefabAsset: {fileID: 0}
  m_GameObject: {fileID: 7428788036328152660}
  m_LocalRotation: {x: 0, y: 0, z: 0, w: 1}
  m_LocalPosition: {x: 0, y: 0, z: 0}
  m_LocalScale: {x: 0, y: 0, z: 0}
  m_ConstrainProportionsScale: 0
  m_Children:
  - {fileID: 6492234760367092191}
  - {fileID: 7428788036249611837}
  m_Father: {fileID: 7428788038176896622}
  m_LocalEulerAnglesHint: {x: 0, y: 0, z: 0}
  m_AnchorMin: {x: 0, y: 0}
  m_AnchorMax: {x: 0, y: 0}
  m_AnchoredPosition: {x: 0, y: 0}
  m_SizeDelta: {x: 0, y: 0}
  m_Pivot: {x: 0, y: 0}
--- !u!223 &7428788036328152659
Canvas:
  m_ObjectHideFlags: 0
  m_CorrespondingSourceObject: {fileID: 0}
  m_PrefabInstance: {fileID: 0}
  m_PrefabAsset: {fileID: 0}
  m_GameObject: {fileID: 7428788036328152660}
  m_Enabled: 1
  serializedVersion: 3
  m_RenderMode: 0
  m_Camera: {fileID: 0}
  m_PlaneDistance: 100
  m_PixelPerfect: 0
  m_ReceivesEvents: 1
  m_OverrideSorting: 0
  m_OverridePixelPerfect: 0
  m_SortingBucketNormalizedSize: 0
  m_VertexColorAlwaysGammaSpace: 0
  m_AdditionalShaderChannelsFlag: 25
  m_UpdateRectTransformForStandalone: 0
  m_SortingLayerID: 0
  m_SortingOrder: 10
  m_TargetDisplay: 0
--- !u!114 &7428788036328152658
MonoBehaviour:
  m_ObjectHideFlags: 0
  m_CorrespondingSourceObject: {fileID: 0}
  m_PrefabInstance: {fileID: 0}
  m_PrefabAsset: {fileID: 0}
  m_GameObject: {fileID: 7428788036328152660}
  m_Enabled: 1
  m_EditorHideFlags: 0
  m_Script: {fileID: 11500000, guid: 0cd44c1031e13a943bb63640046fad76, type: 3}
  m_Name: 
  m_EditorClassIdentifier: 
  m_UiScaleMode: 1
  m_ReferencePixelsPerUnit: 100
  m_ScaleFactor: 1
  m_ReferenceResolution: {x: 1920, y: 1080}
  m_ScreenMatchMode: 0
  m_MatchWidthOrHeight: 1
  m_PhysicalUnit: 3
  m_FallbackScreenDPI: 96
  m_DefaultSpriteDPI: 96
  m_DynamicPixelsPerUnit: 1
  m_PresetInfoIsWorld: 0
--- !u!114 &7428788036328152661
MonoBehaviour:
  m_ObjectHideFlags: 0
  m_CorrespondingSourceObject: {fileID: 0}
  m_PrefabInstance: {fileID: 0}
  m_PrefabAsset: {fileID: 0}
  m_GameObject: {fileID: 7428788036328152660}
  m_Enabled: 1
  m_EditorHideFlags: 0
  m_Script: {fileID: 11500000, guid: dc42784cf147c0c48a680349fa168899, type: 3}
  m_Name: 
  m_EditorClassIdentifier: 
  m_IgnoreReversedGraphics: 1
  m_BlockingObjects: 0
  m_BlockingMask:
    serializedVersion: 2
    m_Bits: 4294967295
--- !u!1 &7428788036536782843
GameObject:
  m_ObjectHideFlags: 0
  m_CorrespondingSourceObject: {fileID: 0}
  m_PrefabInstance: {fileID: 0}
  m_PrefabAsset: {fileID: 0}
  serializedVersion: 6
  m_Component:
  - component: {fileID: 7428788036536782838}
  - component: {fileID: 7428788036536782841}
  - component: {fileID: 7428788036536782840}
  m_Layer: 0
  m_Name: IntroductionConclusion
  m_TagString: Untagged
  m_Icon: {fileID: 0}
  m_NavMeshLayer: 0
  m_StaticEditorFlags: 0
  m_IsActive: 1
--- !u!4 &7428788036536782838
Transform:
  m_ObjectHideFlags: 0
  m_CorrespondingSourceObject: {fileID: 0}
  m_PrefabInstance: {fileID: 0}
  m_PrefabAsset: {fileID: 0}
  m_GameObject: {fileID: 7428788036536782843}
  serializedVersion: 2
  m_LocalRotation: {x: -0, y: -0, z: -0, w: 1}
  m_LocalPosition: {x: -960.8986, y: -955.6153, z: -2916.9878}
  m_LocalScale: {x: 1, y: 1, z: 1}
  m_ConstrainProportionsScale: 0
  m_Children: []
  m_Father: {fileID: 7428788038176896622}
  m_LocalEulerAnglesHint: {x: 0, y: 0, z: 0}
--- !u!114 &7428788036536782841
MonoBehaviour:
  m_ObjectHideFlags: 0
  m_CorrespondingSourceObject: {fileID: 0}
  m_PrefabInstance: {fileID: 0}
  m_PrefabAsset: {fileID: 0}
  m_GameObject: {fileID: 7428788036536782843}
  m_Enabled: 1
  m_EditorHideFlags: 0
  m_Script: {fileID: 11500000, guid: f60f5a29e16f32649b5d1dc87ff88d05, type: 3}
  m_Name: 
  m_EditorClassIdentifier: 
  Data: {fileID: 11400000, guid: 065297d35f4b0d1458d6f29e9807fe70, type: 2}
  DialogueEvent:
    m_PersistentCalls:
      m_Calls:
      - m_Target: {fileID: 0}
        m_TargetAssemblyTypeName: UnityEngine.GameObject, UnityEngine
        m_MethodName: SetActive
        m_Mode: 6
        m_Arguments:
          m_ObjectArgument: {fileID: 0}
          m_ObjectArgumentAssemblyTypeName: UnityEngine.Object, UnityEngine
          m_IntArgument: 0
          m_FloatArgument: 0
          m_StringArgument: 
          m_BoolArgument: 1
        m_CallState: 2
      - m_Target: {fileID: 0}
        m_TargetAssemblyTypeName: UnityEngine.Behaviour, UnityEngine
        m_MethodName: set_enabled
        m_Mode: 6
        m_Arguments:
          m_ObjectArgument: {fileID: 0}
          m_ObjectArgumentAssemblyTypeName: UnityEngine.Object, UnityEngine
          m_IntArgument: 0
          m_FloatArgument: 0
          m_StringArgument: 
          m_BoolArgument: 0
        m_CallState: 2
  StartEvent:
    m_PersistentCalls:
      m_Calls:
      - m_Target: {fileID: 0}
        m_TargetAssemblyTypeName: UnityEngine.Behaviour, UnityEngine
        m_MethodName: set_enabled
        m_Mode: 6
        m_Arguments:
          m_ObjectArgument: {fileID: 0}
          m_ObjectArgumentAssemblyTypeName: UnityEngine.Object, UnityEngine
          m_IntArgument: 0
          m_FloatArgument: 0
          m_StringArgument: 
          m_BoolArgument: 1
        m_CallState: 2
      - m_Target: {fileID: 0}
        m_TargetAssemblyTypeName: UnityEngine.GameObject, UnityEngine
        m_MethodName: SetActive
        m_Mode: 6
        m_Arguments:
          m_ObjectArgument: {fileID: 0}
          m_ObjectArgumentAssemblyTypeName: UnityEngine.Object, UnityEngine
          m_IntArgument: 0
          m_FloatArgument: 0
          m_StringArgument: 
          m_BoolArgument: 0
        m_CallState: 2
  OptionalSkip: {fileID: 7428788036249611836}
  IntroObject: {fileID: 1924934948076416593}
--- !u!114 &7428788036536782840
MonoBehaviour:
  m_ObjectHideFlags: 0
  m_CorrespondingSourceObject: {fileID: 0}
  m_PrefabInstance: {fileID: 0}
  m_PrefabAsset: {fileID: 0}
  m_GameObject: {fileID: 7428788036536782843}
  m_Enabled: 1
  m_EditorHideFlags: 0
  m_Script: {fileID: 11500000, guid: bdd446b13b80cfb4fb9b86f187dd14a0, type: 3}
  m_Name: 
  m_EditorClassIdentifier: 
  scoreTableElements:
  - minimum: 0
    dialog: {fileID: 11400000, guid: a26943d7aa6c29e89bba531670dcec9f, type: 2}
  - minimum: 56
    dialog: {fileID: 11400000, guid: 3db04ddc0ddd6dd319e08e496088ef31, type: 2}
  - minimum: 80
    dialog: {fileID: 11400000, guid: e60f3916180ac7666b32c7c567436d34, type: 2}
  blackboard: {fileID: 11400000, guid: 66797cea376e7e3a49878f65488b2995, type: 2}
  Score: {fileID: 11400000, guid: 95b270bdbd7923c4b9603d475397cd73, type: 2}
  StopGameLoop:
    m_PersistentCalls:
      m_Calls:
      - m_Target: {fileID: 0}
        m_TargetAssemblyTypeName: UnityEngine.Behaviour, UnityEngine
        m_MethodName: set_enabled
        m_Mode: 6
        m_Arguments:
          m_ObjectArgument: {fileID: 0}
          m_ObjectArgumentAssemblyTypeName: UnityEngine.Object, UnityEngine
          m_IntArgument: 0
          m_FloatArgument: 0
          m_StringArgument: 
          m_BoolArgument: 0
        m_CallState: 2
      - m_Target: {fileID: 0}
        m_TargetAssemblyTypeName: 
        m_MethodName: 
        m_Mode: 0
        m_Arguments:
          m_ObjectArgument: {fileID: 0}
          m_ObjectArgumentAssemblyTypeName: 
          m_IntArgument: 0
          m_FloatArgument: 0
          m_StringArgument: 
          m_BoolArgument: 0
        m_CallState: 0
      - m_Target: {fileID: 0}
        m_TargetAssemblyTypeName: 
        m_MethodName: 
        m_Mode: 0
        m_Arguments:
          m_ObjectArgument: {fileID: 0}
          m_ObjectArgumentAssemblyTypeName: 
          m_IntArgument: 0
          m_FloatArgument: 0
          m_StringArgument: 
          m_BoolArgument: 0
        m_CallState: 0
      - m_Target: {fileID: 0}
        m_TargetAssemblyTypeName: 
        m_MethodName: 
        m_Mode: 0
        m_Arguments:
          m_ObjectArgument: {fileID: 0}
          m_ObjectArgumentAssemblyTypeName: 
          m_IntArgument: 0
          m_FloatArgument: 0
          m_StringArgument: 
          m_BoolArgument: 0
        m_CallState: 0
  ConclusionDialogue: {fileID: 1924934948076416593}
  dialogBox: {fileID: 8794699501294169465}
--- !u!1 &7428788037019910737
GameObject:
  m_ObjectHideFlags: 0
  m_CorrespondingSourceObject: {fileID: 0}
  m_PrefabInstance: {fileID: 0}
  m_PrefabAsset: {fileID: 0}
  serializedVersion: 6
  m_Component:
  - component: {fileID: 7428788037019910766}
  - component: {fileID: 7428788037019910764}
  - component: {fileID: 7428788037019910767}
  m_Layer: 5
  m_Name: Text (TMP)
  m_TagString: Untagged
  m_Icon: {fileID: 0}
  m_NavMeshLayer: 0
  m_StaticEditorFlags: 0
  m_IsActive: 1
--- !u!224 &7428788037019910766
RectTransform:
  m_ObjectHideFlags: 0
  m_CorrespondingSourceObject: {fileID: 0}
  m_PrefabInstance: {fileID: 0}
  m_PrefabAsset: {fileID: 0}
  m_GameObject: {fileID: 7428788037019910737}
  m_LocalRotation: {x: 0, y: 0, z: 0, w: 1}
  m_LocalPosition: {x: 0, y: 0, z: 0}
  m_LocalScale: {x: 1, y: 1, z: 1}
  m_ConstrainProportionsScale: 0
  m_Children: []
  m_Father: {fileID: 7428788036249611837}
  m_LocalEulerAnglesHint: {x: 0, y: 0, z: 0}
  m_AnchorMin: {x: 0, y: 0}
  m_AnchorMax: {x: 1, y: 1}
  m_AnchoredPosition: {x: 0, y: 0}
  m_SizeDelta: {x: 0, y: 0}
  m_Pivot: {x: 0.5, y: 0.5}
--- !u!222 &7428788037019910764
CanvasRenderer:
  m_ObjectHideFlags: 0
  m_CorrespondingSourceObject: {fileID: 0}
  m_PrefabInstance: {fileID: 0}
  m_PrefabAsset: {fileID: 0}
  m_GameObject: {fileID: 7428788037019910737}
  m_CullTransparentMesh: 1
--- !u!114 &7428788037019910767
MonoBehaviour:
  m_ObjectHideFlags: 0
  m_CorrespondingSourceObject: {fileID: 0}
  m_PrefabInstance: {fileID: 0}
  m_PrefabAsset: {fileID: 0}
  m_GameObject: {fileID: 7428788037019910737}
  m_Enabled: 1
  m_EditorHideFlags: 0
  m_Script: {fileID: 11500000, guid: f4688fdb7df04437aeb418b961361dc5, type: 3}
  m_Name: 
  m_EditorClassIdentifier: 
  m_Material: {fileID: 0}
  m_Color: {r: 1, g: 1, b: 1, a: 1}
  m_RaycastTarget: 1
  m_RaycastPadding: {x: 0, y: 0, z: 0, w: 0}
  m_Maskable: 1
  m_OnCullStateChanged:
    m_PersistentCalls:
      m_Calls: []
  m_text: 
  m_isRightToLeft: 0
  m_fontAsset: {fileID: 11400000, guid: 8f586378b4e144a9851e7b34d9b748ee, type: 2}
  m_sharedMaterial: {fileID: 2180264, guid: 8f586378b4e144a9851e7b34d9b748ee, type: 2}
  m_fontSharedMaterials: []
  m_fontMaterial: {fileID: 0}
  m_fontMaterials: []
  m_fontColor32:
    serializedVersion: 2
    rgba: 4281479730
  m_fontColor: {r: 0.19607843, g: 0.19607843, b: 0.19607843, a: 1}
  m_enableVertexGradient: 0
  m_colorMode: 3
  m_fontColorGradient:
    topLeft: {r: 1, g: 1, b: 1, a: 1}
    topRight: {r: 1, g: 1, b: 1, a: 1}
    bottomLeft: {r: 1, g: 1, b: 1, a: 1}
    bottomRight: {r: 1, g: 1, b: 1, a: 1}
  m_fontColorGradientPreset: {fileID: 0}
  m_spriteAsset: {fileID: 0}
  m_tintAllSprites: 0
  m_StyleSheet: {fileID: 0}
  m_TextStyleHashCode: -1183493901
  m_overrideHtmlColors: 0
  m_faceColor:
    serializedVersion: 2
    rgba: 4294967295
  m_fontSize: 51.65
  m_fontSizeBase: 51.65
  m_fontWeight: 400
  m_enableAutoSizing: 0
  m_fontSizeMin: 18
  m_fontSizeMax: 72
  m_fontStyle: 0
  m_HorizontalAlignment: 2
  m_VerticalAlignment: 512
  m_textAlignment: 65535
  m_characterSpacing: 0
  m_wordSpacing: 0
  m_lineSpacing: 0
  m_lineSpacingMax: 0
  m_paragraphSpacing: 0
  m_charWidthMaxAdj: 0
  m_enableWordWrapping: 1
  m_wordWrappingRatios: 0.4
  m_overflowMode: 0
  m_linkedTextComponent: {fileID: 0}
  parentLinkedComponent: {fileID: 0}
  m_enableKerning: 1
  m_enableExtraPadding: 0
  checkPaddingRequired: 0
  m_isRichText: 1
  m_parseCtrlCharacters: 1
  m_isOrthographic: 1
  m_isCullingEnabled: 0
  m_horizontalMapping: 0
  m_verticalMapping: 0
  m_uvLineOffset: 0
  m_geometrySortingOrder: 0
  m_IsTextObjectScaleStatic: 0
  m_VertexBufferAutoSizeReduction: 1
  m_useMaxVisibleDescender: 1
  m_pageToDisplay: 1
  m_margin: {x: 0, y: 0, z: 0, w: 0}
  m_isUsingLegacyAnimationComponent: 0
  m_isVolumetricText: 0
  m_hasFontAssetChanged: 0
  m_baseMaterial: {fileID: 0}
  m_maskOffset: {x: 0, y: 0, z: 0, w: 0}
--- !u!1 &7428788038176896593
GameObject:
  m_ObjectHideFlags: 0
  m_CorrespondingSourceObject: {fileID: 0}
  m_PrefabInstance: {fileID: 0}
  m_PrefabAsset: {fileID: 0}
  serializedVersion: 6
  m_Component:
  - component: {fileID: 7428788038176896622}
  m_Layer: 0
  m_Name: MingameIntroAndOutro
  m_TagString: Untagged
  m_Icon: {fileID: 0}
  m_NavMeshLayer: 0
  m_StaticEditorFlags: 0
  m_IsActive: 1
--- !u!4 &7428788038176896622
Transform:
  m_ObjectHideFlags: 0
  m_CorrespondingSourceObject: {fileID: 0}
  m_PrefabInstance: {fileID: 0}
  m_PrefabAsset: {fileID: 0}
  m_GameObject: {fileID: 7428788038176896593}
  serializedVersion: 2
  m_LocalRotation: {x: 0, y: 0, z: 0, w: 1}
  m_LocalPosition: {x: 961.16864, y: 956.6, z: 2764.1719}
  m_LocalScale: {x: 1, y: 1, z: 1}
  m_ConstrainProportionsScale: 0
  m_Children:
  - {fileID: 7428788036536782838}
  - {fileID: 7428788036328152656}
  m_Father: {fileID: 0}
  m_LocalEulerAnglesHint: {x: 0, y: 0, z: 0}
--- !u!1001 &7535545790240118048
PrefabInstance:
  m_ObjectHideFlags: 0
  serializedVersion: 2
  m_Modification:
    serializedVersion: 3
    m_TransformParent: {fileID: 7428788036328152656}
    m_Modifications:
    - target: {fileID: 3641916653709321471, guid: a2c3eec53dd63e4b194c5ac8430c7f55,
        type: 3}
      propertyPath: m_Pivot.x
      value: 0.5
      objectReference: {fileID: 0}
    - target: {fileID: 3641916653709321471, guid: a2c3eec53dd63e4b194c5ac8430c7f55,
        type: 3}
      propertyPath: m_Pivot.y
      value: 0.5
      objectReference: {fileID: 0}
    - target: {fileID: 3641916653709321471, guid: a2c3eec53dd63e4b194c5ac8430c7f55,
        type: 3}
      propertyPath: m_AnchorMax.x
      value: 1
      objectReference: {fileID: 0}
    - target: {fileID: 3641916653709321471, guid: a2c3eec53dd63e4b194c5ac8430c7f55,
        type: 3}
      propertyPath: m_AnchorMax.y
      value: 1
      objectReference: {fileID: 0}
    - target: {fileID: 3641916653709321471, guid: a2c3eec53dd63e4b194c5ac8430c7f55,
        type: 3}
      propertyPath: m_AnchorMin.x
      value: 0
      objectReference: {fileID: 0}
    - target: {fileID: 3641916653709321471, guid: a2c3eec53dd63e4b194c5ac8430c7f55,
        type: 3}
      propertyPath: m_AnchorMin.y
      value: 0
      objectReference: {fileID: 0}
    - target: {fileID: 3641916653709321471, guid: a2c3eec53dd63e4b194c5ac8430c7f55,
        type: 3}
      propertyPath: m_SizeDelta.x
      value: 0
      objectReference: {fileID: 0}
    - target: {fileID: 3641916653709321471, guid: a2c3eec53dd63e4b194c5ac8430c7f55,
        type: 3}
      propertyPath: m_SizeDelta.y
      value: 0
      objectReference: {fileID: 0}
    - target: {fileID: 3641916653709321471, guid: a2c3eec53dd63e4b194c5ac8430c7f55,
        type: 3}
      propertyPath: m_LocalPosition.x
      value: 0
      objectReference: {fileID: 0}
    - target: {fileID: 3641916653709321471, guid: a2c3eec53dd63e4b194c5ac8430c7f55,
        type: 3}
      propertyPath: m_LocalPosition.y
      value: 0
      objectReference: {fileID: 0}
    - target: {fileID: 3641916653709321471, guid: a2c3eec53dd63e4b194c5ac8430c7f55,
        type: 3}
      propertyPath: m_LocalPosition.z
      value: 0
      objectReference: {fileID: 0}
    - target: {fileID: 3641916653709321471, guid: a2c3eec53dd63e4b194c5ac8430c7f55,
        type: 3}
      propertyPath: m_LocalRotation.w
      value: 1
      objectReference: {fileID: 0}
    - target: {fileID: 3641916653709321471, guid: a2c3eec53dd63e4b194c5ac8430c7f55,
        type: 3}
      propertyPath: m_LocalRotation.x
      value: 0
      objectReference: {fileID: 0}
    - target: {fileID: 3641916653709321471, guid: a2c3eec53dd63e4b194c5ac8430c7f55,
        type: 3}
      propertyPath: m_LocalRotation.y
      value: 0
      objectReference: {fileID: 0}
    - target: {fileID: 3641916653709321471, guid: a2c3eec53dd63e4b194c5ac8430c7f55,
        type: 3}
      propertyPath: m_LocalRotation.z
      value: 0
      objectReference: {fileID: 0}
    - target: {fileID: 3641916653709321471, guid: a2c3eec53dd63e4b194c5ac8430c7f55,
        type: 3}
      propertyPath: m_AnchoredPosition.x
      value: 0
      objectReference: {fileID: 0}
    - target: {fileID: 3641916653709321471, guid: a2c3eec53dd63e4b194c5ac8430c7f55,
        type: 3}
      propertyPath: m_AnchoredPosition.y
      value: 0
      objectReference: {fileID: 0}
    - target: {fileID: 3641916653709321471, guid: a2c3eec53dd63e4b194c5ac8430c7f55,
        type: 3}
      propertyPath: m_LocalEulerAnglesHint.x
      value: 0
      objectReference: {fileID: 0}
    - target: {fileID: 3641916653709321471, guid: a2c3eec53dd63e4b194c5ac8430c7f55,
        type: 3}
      propertyPath: m_LocalEulerAnglesHint.y
      value: 0
      objectReference: {fileID: 0}
    - target: {fileID: 3641916653709321471, guid: a2c3eec53dd63e4b194c5ac8430c7f55,
        type: 3}
      propertyPath: m_LocalEulerAnglesHint.z
      value: 0
      objectReference: {fileID: 0}
    - target: {fileID: 4710851642390688981, guid: a2c3eec53dd63e4b194c5ac8430c7f55,
        type: 3}
      propertyPath: m_OnClick.m_PersistentCalls.m_Calls.Array.size
      value: 2
      objectReference: {fileID: 0}
    - target: {fileID: 4710851642390688981, guid: a2c3eec53dd63e4b194c5ac8430c7f55,
        type: 3}
      propertyPath: m_OnClick.m_PersistentCalls.m_Calls.Array.data[1].m_Mode
      value: 6
      objectReference: {fileID: 0}
    - target: {fileID: 4710851642390688981, guid: a2c3eec53dd63e4b194c5ac8430c7f55,
        type: 3}
      propertyPath: m_OnClick.m_PersistentCalls.m_Calls.Array.data[1].m_Target
      value: 
      objectReference: {fileID: 8794699501294169465}
    - target: {fileID: 4710851642390688981, guid: a2c3eec53dd63e4b194c5ac8430c7f55,
        type: 3}
      propertyPath: m_OnClick.m_PersistentCalls.m_Calls.Array.data[1].m_CallState
      value: 2
      objectReference: {fileID: 0}
    - target: {fileID: 4710851642390688981, guid: a2c3eec53dd63e4b194c5ac8430c7f55,
        type: 3}
      propertyPath: m_OnClick.m_PersistentCalls.m_Calls.Array.data[1].m_MethodName
      value: ChoiceButton
      objectReference: {fileID: 0}
    - target: {fileID: 4710851642390688981, guid: a2c3eec53dd63e4b194c5ac8430c7f55,
        type: 3}
      propertyPath: m_OnClick.m_PersistentCalls.m_Calls.Array.data[1].m_TargetAssemblyTypeName
      value: DialogSystem.DialogBox, Assembly-CSharp
      objectReference: {fileID: 0}
    - target: {fileID: 4710851642390688981, guid: a2c3eec53dd63e4b194c5ac8430c7f55,
        type: 3}
      propertyPath: m_OnClick.m_PersistentCalls.m_Calls.Array.data[1].m_Arguments.m_BoolArgument
      value: 1
      objectReference: {fileID: 0}
    - target: {fileID: 4710851642390688981, guid: a2c3eec53dd63e4b194c5ac8430c7f55,
        type: 3}
      propertyPath: m_OnClick.m_PersistentCalls.m_Calls.Array.data[1].m_Arguments.m_ObjectArgumentAssemblyTypeName
      value: UnityEngine.Object, UnityEngine
      objectReference: {fileID: 0}
    - target: {fileID: 4738459038295430124, guid: a2c3eec53dd63e4b194c5ac8430c7f55,
        type: 3}
      propertyPath: m_AnchorMax.y
      value: 0
      objectReference: {fileID: 0}
    - target: {fileID: 4738459038295430124, guid: a2c3eec53dd63e4b194c5ac8430c7f55,
        type: 3}
      propertyPath: m_AnchorMin.y
      value: 0
      objectReference: {fileID: 0}
    - target: {fileID: 4738459038295430124, guid: a2c3eec53dd63e4b194c5ac8430c7f55,
        type: 3}
      propertyPath: m_SizeDelta.x
      value: 0
      objectReference: {fileID: 0}
    - target: {fileID: 4738459038295430124, guid: a2c3eec53dd63e4b194c5ac8430c7f55,
        type: 3}
      propertyPath: m_SizeDelta.y
      value: 0
      objectReference: {fileID: 0}
    - target: {fileID: 4738459038295430124, guid: a2c3eec53dd63e4b194c5ac8430c7f55,
        type: 3}
      propertyPath: m_AnchoredPosition.x
      value: 0
      objectReference: {fileID: 0}
    - target: {fileID: 4738459038295430124, guid: a2c3eec53dd63e4b194c5ac8430c7f55,
        type: 3}
      propertyPath: m_AnchoredPosition.y
      value: 0
      objectReference: {fileID: 0}
    - target: {fileID: 5604546154422796543, guid: a2c3eec53dd63e4b194c5ac8430c7f55,
        type: 3}
      propertyPath: m_AnchorMax.y
      value: 0
      objectReference: {fileID: 0}
    - target: {fileID: 5604546154422796543, guid: a2c3eec53dd63e4b194c5ac8430c7f55,
        type: 3}
      propertyPath: m_AnchorMin.y
      value: 0
      objectReference: {fileID: 0}
    - target: {fileID: 5604546154422796543, guid: a2c3eec53dd63e4b194c5ac8430c7f55,
        type: 3}
      propertyPath: m_SizeDelta.x
      value: 0
      objectReference: {fileID: 0}
    - target: {fileID: 5604546154422796543, guid: a2c3eec53dd63e4b194c5ac8430c7f55,
        type: 3}
      propertyPath: m_AnchoredPosition.x
      value: 0
      objectReference: {fileID: 0}
    - target: {fileID: 5604546154422796543, guid: a2c3eec53dd63e4b194c5ac8430c7f55,
        type: 3}
      propertyPath: m_AnchoredPosition.y
      value: 0
      objectReference: {fileID: 0}
    - target: {fileID: 5807275958070299149, guid: a2c3eec53dd63e4b194c5ac8430c7f55,
        type: 3}
      propertyPath: m_AnchorMax.y
      value: 0
      objectReference: {fileID: 0}
    - target: {fileID: 5807275958070299149, guid: a2c3eec53dd63e4b194c5ac8430c7f55,
        type: 3}
      propertyPath: m_AnchorMin.y
      value: 0
      objectReference: {fileID: 0}
    - target: {fileID: 5807275958070299149, guid: a2c3eec53dd63e4b194c5ac8430c7f55,
        type: 3}
      propertyPath: m_SizeDelta.x
      value: 0
      objectReference: {fileID: 0}
    - target: {fileID: 5807275958070299149, guid: a2c3eec53dd63e4b194c5ac8430c7f55,
        type: 3}
      propertyPath: m_AnchoredPosition.x
      value: 0
      objectReference: {fileID: 0}
    - target: {fileID: 5807275958070299149, guid: a2c3eec53dd63e4b194c5ac8430c7f55,
        type: 3}
      propertyPath: m_AnchoredPosition.y
      value: 0
      objectReference: {fileID: 0}
    - target: {fileID: 7179987345977914384, guid: a2c3eec53dd63e4b194c5ac8430c7f55,
        type: 3}
      propertyPath: dialog
      value: 
      objectReference: {fileID: 11400000, guid: 5d836fae6d82c6eb892641dc818eae81,
        type: 2}
    - target: {fileID: 7179987345977914384, guid: a2c3eec53dd63e4b194c5ac8430c7f55,
        type: 3}
      propertyPath: OnDialogEnded.m_PersistentCalls.m_Calls.Array.size
      value: 3
      objectReference: {fileID: 0}
    - target: {fileID: 7179987345977914384, guid: a2c3eec53dd63e4b194c5ac8430c7f55,
        type: 3}
      propertyPath: OnDialogEnded.m_PersistentCalls.m_Calls.Array.data[0].m_Mode
      value: 1
      objectReference: {fileID: 0}
    - target: {fileID: 7179987345977914384, guid: a2c3eec53dd63e4b194c5ac8430c7f55,
        type: 3}
      propertyPath: OnDialogEnded.m_PersistentCalls.m_Calls.Array.data[1].m_Mode
      value: 6
      objectReference: {fileID: 0}
    - target: {fileID: 7179987345977914384, guid: a2c3eec53dd63e4b194c5ac8430c7f55,
        type: 3}
      propertyPath: OnDialogEnded.m_PersistentCalls.m_Calls.Array.data[2].m_Mode
      value: 6
      objectReference: {fileID: 0}
    - target: {fileID: 7179987345977914384, guid: a2c3eec53dd63e4b194c5ac8430c7f55,
        type: 3}
      propertyPath: OnDialogEnded.m_PersistentCalls.m_Calls.Array.data[0].m_Target
      value: 
      objectReference: {fileID: 7428788036536782841}
    - target: {fileID: 7179987345977914384, guid: a2c3eec53dd63e4b194c5ac8430c7f55,
        type: 3}
      propertyPath: OnDialogEnded.m_PersistentCalls.m_Calls.Array.data[1].m_Target
      value: 
      objectReference: {fileID: 8794699501294169465}
    - target: {fileID: 7179987345977914384, guid: a2c3eec53dd63e4b194c5ac8430c7f55,
        type: 3}
      propertyPath: OnDialogEnded.m_PersistentCalls.m_Calls.Array.data[2].m_Target
      value: 
      objectReference: {fileID: 808346155516944688}
    - target: {fileID: 7179987345977914384, guid: a2c3eec53dd63e4b194c5ac8430c7f55,
        type: 3}
      propertyPath: OnDialogEnded.m_PersistentCalls.m_Calls.Array.data[0].m_CallState
      value: 2
      objectReference: {fileID: 0}
    - target: {fileID: 7179987345977914384, guid: a2c3eec53dd63e4b194c5ac8430c7f55,
        type: 3}
      propertyPath: OnDialogEnded.m_PersistentCalls.m_Calls.Array.data[1].m_CallState
      value: 2
      objectReference: {fileID: 0}
    - target: {fileID: 7179987345977914384, guid: a2c3eec53dd63e4b194c5ac8430c7f55,
        type: 3}
      propertyPath: OnDialogEnded.m_PersistentCalls.m_Calls.Array.data[2].m_CallState
      value: 2
      objectReference: {fileID: 0}
    - target: {fileID: 7179987345977914384, guid: a2c3eec53dd63e4b194c5ac8430c7f55,
        type: 3}
      propertyPath: OnDialogEnded.m_PersistentCalls.m_Calls.Array.data[0].m_MethodName
      value: StartMinigame
      objectReference: {fileID: 0}
    - target: {fileID: 7179987345977914384, guid: a2c3eec53dd63e4b194c5ac8430c7f55,
        type: 3}
      propertyPath: OnDialogEnded.m_PersistentCalls.m_Calls.Array.data[1].m_MethodName
      value: set_enabled
      objectReference: {fileID: 0}
    - target: {fileID: 7179987345977914384, guid: a2c3eec53dd63e4b194c5ac8430c7f55,
        type: 3}
      propertyPath: OnDialogEnded.m_PersistentCalls.m_Calls.Array.data[2].m_MethodName
      value: set_enabled
      objectReference: {fileID: 0}
    - target: {fileID: 7179987345977914384, guid: a2c3eec53dd63e4b194c5ac8430c7f55,
        type: 3}
      propertyPath: OnDialogEnded.m_PersistentCalls.m_Calls.Array.data[0].m_TargetAssemblyTypeName
      value: IntroductionManager, Assembly-CSharp
      objectReference: {fileID: 0}
    - target: {fileID: 7179987345977914384, guid: a2c3eec53dd63e4b194c5ac8430c7f55,
        type: 3}
      propertyPath: OnDialogEnded.m_PersistentCalls.m_Calls.Array.data[1].m_TargetAssemblyTypeName
      value: UnityEngine.Behaviour, UnityEngine
      objectReference: {fileID: 0}
    - target: {fileID: 7179987345977914384, guid: a2c3eec53dd63e4b194c5ac8430c7f55,
        type: 3}
      propertyPath: OnDialogEnded.m_PersistentCalls.m_Calls.Array.data[2].m_TargetAssemblyTypeName
      value: UnityEngine.Behaviour, UnityEngine
      objectReference: {fileID: 0}
    - target: {fileID: 7179987345977914384, guid: a2c3eec53dd63e4b194c5ac8430c7f55,
        type: 3}
      propertyPath: OnDialogEnded.m_PersistentCalls.m_Calls.Array.data[1].m_Arguments.m_BoolArgument
      value: 1
      objectReference: {fileID: 0}
    - target: {fileID: 7179987345977914384, guid: a2c3eec53dd63e4b194c5ac8430c7f55,
        type: 3}
      propertyPath: OnDialogEnded.m_PersistentCalls.m_Calls.Array.data[0].m_Arguments.m_ObjectArgumentAssemblyTypeName
      value: UnityEngine.Object, UnityEngine
      objectReference: {fileID: 0}
    - target: {fileID: 7179987345977914384, guid: a2c3eec53dd63e4b194c5ac8430c7f55,
        type: 3}
      propertyPath: OnDialogEnded.m_PersistentCalls.m_Calls.Array.data[1].m_Arguments.m_ObjectArgumentAssemblyTypeName
      value: UnityEngine.Object, UnityEngine
      objectReference: {fileID: 0}
    - target: {fileID: 7179987345977914384, guid: a2c3eec53dd63e4b194c5ac8430c7f55,
        type: 3}
      propertyPath: OnDialogEnded.m_PersistentCalls.m_Calls.Array.data[2].m_Arguments.m_ObjectArgumentAssemblyTypeName
      value: UnityEngine.Object, UnityEngine
      objectReference: {fileID: 0}
    - target: {fileID: 7462101800353086267, guid: a2c3eec53dd63e4b194c5ac8430c7f55,
        type: 3}
      propertyPath: m_AnchorMax.y
      value: 0
      objectReference: {fileID: 0}
    - target: {fileID: 7462101800353086267, guid: a2c3eec53dd63e4b194c5ac8430c7f55,
        type: 3}
      propertyPath: m_AnchorMin.y
      value: 0
      objectReference: {fileID: 0}
    - target: {fileID: 7462101800353086267, guid: a2c3eec53dd63e4b194c5ac8430c7f55,
        type: 3}
      propertyPath: m_SizeDelta.x
      value: 0
      objectReference: {fileID: 0}
    - target: {fileID: 7462101800353086267, guid: a2c3eec53dd63e4b194c5ac8430c7f55,
        type: 3}
      propertyPath: m_SizeDelta.y
      value: 0
      objectReference: {fileID: 0}
    - target: {fileID: 7462101800353086267, guid: a2c3eec53dd63e4b194c5ac8430c7f55,
        type: 3}
      propertyPath: m_AnchoredPosition.x
      value: 0
      objectReference: {fileID: 0}
    - target: {fileID: 7462101800353086267, guid: a2c3eec53dd63e4b194c5ac8430c7f55,
        type: 3}
      propertyPath: m_AnchoredPosition.y
      value: 0
      objectReference: {fileID: 0}
    - target: {fileID: 7711841353186051754, guid: a2c3eec53dd63e4b194c5ac8430c7f55,
        type: 3}
      propertyPath: m_AnchorMax.y
      value: 0
      objectReference: {fileID: 0}
    - target: {fileID: 7711841353186051754, guid: a2c3eec53dd63e4b194c5ac8430c7f55,
        type: 3}
      propertyPath: m_AnchorMin.y
      value: 0
      objectReference: {fileID: 0}
    - target: {fileID: 7711841353186051754, guid: a2c3eec53dd63e4b194c5ac8430c7f55,
        type: 3}
      propertyPath: m_SizeDelta.x
      value: 0
      objectReference: {fileID: 0}
    - target: {fileID: 7711841353186051754, guid: a2c3eec53dd63e4b194c5ac8430c7f55,
        type: 3}
      propertyPath: m_AnchoredPosition.x
      value: 0
      objectReference: {fileID: 0}
    - target: {fileID: 7711841353186051754, guid: a2c3eec53dd63e4b194c5ac8430c7f55,
        type: 3}
      propertyPath: m_AnchoredPosition.y
      value: 0
      objectReference: {fileID: 0}
    - target: {fileID: 8225012018905070449, guid: a2c3eec53dd63e4b194c5ac8430c7f55,
        type: 3}
      propertyPath: m_Name
      value: Dialog
      objectReference: {fileID: 0}
    - target: {fileID: 8225012018905070449, guid: a2c3eec53dd63e4b194c5ac8430c7f55,
        type: 3}
      propertyPath: m_IsActive
      value: 1
      objectReference: {fileID: 0}
    m_RemovedComponents: []
    m_RemovedGameObjects: []
    m_AddedGameObjects: []
    m_AddedComponents:
    - targetCorrespondingSourceObject: {fileID: 8225012018905070449, guid: a2c3eec53dd63e4b194c5ac8430c7f55,
        type: 3}
      insertIndex: -1
      addedObject: {fileID: 8794699501294169465}
  m_SourcePrefab: {fileID: 100100000, guid: a2c3eec53dd63e4b194c5ac8430c7f55, type: 3}
--- !u!114 &808346155516944688 stripped
MonoBehaviour:
  m_CorrespondingSourceObject: {fileID: 7179987345977914384, guid: a2c3eec53dd63e4b194c5ac8430c7f55,
    type: 3}
  m_PrefabInstance: {fileID: 7535545790240118048}
  m_PrefabAsset: {fileID: 0}
  m_GameObject: {fileID: 1924934948076416593}
  m_Enabled: 1
  m_EditorHideFlags: 0
  m_Script: {fileID: 11500000, guid: f417e1c2391f971e591ede4e10476a28, type: 3}
  m_Name: 
  m_EditorClassIdentifier: 
--- !u!114 &1414945466669237113 stripped
MonoBehaviour:
  m_CorrespondingSourceObject: {fileID: 8876955089331115609, guid: a2c3eec53dd63e4b194c5ac8430c7f55,
    type: 3}
  m_PrefabInstance: {fileID: 7535545790240118048}
  m_PrefabAsset: {fileID: 0}
  m_GameObject: {fileID: 0}
  m_Enabled: 1
  m_EditorHideFlags: 0
  m_Script: {fileID: 11500000, guid: fe87c0e1cc204ed48ad3b37840f39efc, type: 3}
  m_Name: 
  m_EditorClassIdentifier: 
--- !u!1 &1924934948076416593 stripped
GameObject:
  m_CorrespondingSourceObject: {fileID: 8225012018905070449, guid: a2c3eec53dd63e4b194c5ac8430c7f55,
    type: 3}
  m_PrefabInstance: {fileID: 7535545790240118048}
  m_PrefabAsset: {fileID: 0}
--- !u!114 &8794699501294169465
MonoBehaviour:
  m_ObjectHideFlags: 0
  m_CorrespondingSourceObject: {fileID: 0}
  m_PrefabInstance: {fileID: 0}
  m_PrefabAsset: {fileID: 0}
  m_GameObject: {fileID: 1924934948076416593}
  m_Enabled: 0
  m_EditorHideFlags: 0
  m_Script: {fileID: 11500000, guid: f417e1c2391f971e591ede4e10476a28, type: 3}
  m_Name: 
  m_EditorClassIdentifier: 
  text: {fileID: 8613697853191919468}
  nameLabel: {fileID: 4570366783718419834}
  nameField: {fileID: 3631886605772925810}
  characterImage: {fileID: 1414945466669237113}
  characterImageContainer: {fileID: 6132704939712816085}
  continueButton: {fileID: 6573917172869201941}
  buttons:
  - {fileID: 6536531504043012540}
  - {fileID: 9040137929900889609}
  - {fileID: 5859524126710818277}
  blocking: {fileID: 0}
  blackboard: {fileID: 11400000, guid: 66797cea376e7e3a49878f65488b2995, type: 2}
  dialog: {fileID: 11400000, guid: 5d836fae6d82c6eb892641dc818eae81, type: 2}
  walker:
    index: 0
  TextSpeed: 50
  OnDialogNodeChanged:
    m_PersistentCalls:
      m_Calls: []
  OnDialogEnded:
    m_PersistentCalls:
      m_Calls:
      - m_Target: {fileID: 7428788036536782840}
        m_TargetAssemblyTypeName: ConclusionManager, Assembly-CSharp
        m_MethodName: EndGame
        m_Mode: 1
        m_Arguments:
          m_ObjectArgument: {fileID: 0}
          m_ObjectArgumentAssemblyTypeName: UnityEngine.Object, UnityEngine
          m_IntArgument: 0
          m_FloatArgument: 0
          m_StringArgument: 
          m_BoolArgument: 0
        m_CallState: 2
--- !u!1 &3631886605772925810 stripped
GameObject:
  m_CorrespondingSourceObject: {fileID: 6554056152478121554, guid: a2c3eec53dd63e4b194c5ac8430c7f55,
    type: 3}
  m_PrefabInstance: {fileID: 7535545790240118048}
  m_PrefabAsset: {fileID: 0}
--- !u!114 &4570366783718419834 stripped
MonoBehaviour:
  m_CorrespondingSourceObject: {fileID: 6340670971052308570, guid: a2c3eec53dd63e4b194c5ac8430c7f55,
    type: 3}
  m_PrefabInstance: {fileID: 7535545790240118048}
  m_PrefabAsset: {fileID: 0}
  m_GameObject: {fileID: 0}
  m_Enabled: 1
  m_EditorHideFlags: 0
  m_Script: {fileID: 11500000, guid: f4688fdb7df04437aeb418b961361dc5, type: 3}
  m_Name: 
  m_EditorClassIdentifier: 
--- !u!114 &5859524126710818277 stripped
MonoBehaviour:
  m_CorrespondingSourceObject: {fileID: 4162052684475412677, guid: a2c3eec53dd63e4b194c5ac8430c7f55,
    type: 3}
  m_PrefabInstance: {fileID: 7535545790240118048}
  m_PrefabAsset: {fileID: 0}
  m_GameObject: {fileID: 0}
  m_Enabled: 1
  m_EditorHideFlags: 0
  m_Script: {fileID: 11500000, guid: 704a980d27c097898a8869d05dee6f7a, type: 3}
  m_Name: 
  m_EditorClassIdentifier: 
--- !u!1 &6132704939712816085 stripped
GameObject:
  m_CorrespondingSourceObject: {fileID: 4433825027161224949, guid: a2c3eec53dd63e4b194c5ac8430c7f55,
    type: 3}
  m_PrefabInstance: {fileID: 7535545790240118048}
  m_PrefabAsset: {fileID: 0}
--- !u!224 &6492234760367092191 stripped
RectTransform:
  m_CorrespondingSourceObject: {fileID: 3641916653709321471, guid: a2c3eec53dd63e4b194c5ac8430c7f55,
    type: 3}
  m_PrefabInstance: {fileID: 7535545790240118048}
  m_PrefabAsset: {fileID: 0}
--- !u!114 &6536531504043012540 stripped
MonoBehaviour:
  m_CorrespondingSourceObject: {fileID: 3613521040750273692, guid: a2c3eec53dd63e4b194c5ac8430c7f55,
    type: 3}
  m_PrefabInstance: {fileID: 7535545790240118048}
  m_PrefabAsset: {fileID: 0}
  m_GameObject: {fileID: 0}
  m_Enabled: 1
  m_EditorHideFlags: 0
  m_Script: {fileID: 11500000, guid: 704a980d27c097898a8869d05dee6f7a, type: 3}
  m_Name: 
  m_EditorClassIdentifier: 
--- !u!1 &6573917172869201941 stripped
GameObject:
  m_CorrespondingSourceObject: {fileID: 3722396814214059317, guid: a2c3eec53dd63e4b194c5ac8430c7f55,
    type: 3}
  m_PrefabInstance: {fileID: 7535545790240118048}
  m_PrefabAsset: {fileID: 0}
--- !u!114 &8613697853191919468 stripped
MonoBehaviour:
  m_CorrespondingSourceObject: {fileID: 2241000925772595788, guid: a2c3eec53dd63e4b194c5ac8430c7f55,
    type: 3}
  m_PrefabInstance: {fileID: 7535545790240118048}
  m_PrefabAsset: {fileID: 0}
  m_GameObject: {fileID: 0}
  m_Enabled: 1
  m_EditorHideFlags: 0
  m_Script: {fileID: 11500000, guid: f4688fdb7df04437aeb418b961361dc5, type: 3}
  m_Name: 
  m_EditorClassIdentifier: 
--- !u!114 &9040137929900889609 stripped
MonoBehaviour:
  m_CorrespondingSourceObject: {fileID: 1578132837972099881, guid: a2c3eec53dd63e4b194c5ac8430c7f55,
    type: 3}
  m_PrefabInstance: {fileID: 7535545790240118048}
  m_PrefabAsset: {fileID: 0}
  m_GameObject: {fileID: 0}
  m_Enabled: 1
  m_EditorHideFlags: 0
  m_Script: {fileID: 11500000, guid: 704a980d27c097898a8869d05dee6f7a, type: 3}
  m_Name: 
  m_EditorClassIdentifier: 
